[
  {
    "name": "Kraft Singles Fromage En Tranches Suisse 410 g",
    "description": "Régulier 6,79 $ (1,66 $ / 100 G.)",
    "image": "image/kraft-singles/kraft-singles-fromage-en-tranches-suisse-410-g.jpg",
    "image1": "img/grocery/super-c-x.jpg",
    "image2": "img/grocery/walmart-x.jpg",
    "image3": "img/grocery/iga.jpg",
    "image4": "img/grocery/maxi-x.jpg",
    "image5": "img/grocery/metro-x.jpg",
    "link1": "",
    "link2": "",
    "link3": "https://www.iga.net/fr/produit/fromageen-tranches-suisse/00000_000000006810000352",
    "link4": "",
    "link5": ""
  },
  {
    "name": "Kingsey Fromage Suisse En Tranches 140 g",
    "description": "Régulier 7,79 $ (5,56 $ / 100 G.)",
    "image": "image/kingsey/kingsey-fromage-suisse-en-tranches-140-g.jpg",
    "image1": "img/grocery/super-c-x.jpg",
    "image2": "img/grocery/walmart-x.jpg",
    "image3": "img/grocery/iga.jpg",
    "image4": "img/grocery/maxi-x.jpg",
    "image5": "img/grocery/metro-x.jpg",
    "link1": "",
    "link2": "",
    "link3": "https://www.iga.net/fr/produit/fromagesuisse-en-tranches/00000_000000006910404221",
    "link4": "",
    "link5": ""
  },
  {
    "name": "Compliments Fromage Suisse En Tranches 410 g",
    "description": "Régulier 5,49 $ (1,34 $ / 100 G.)",
    "image": "image/compliments/compliments-fromage-suisse-en-tranches-410-g.jpg",
    "image1": "img/grocery/super-c-x.jpg",
    "image2": "img/grocery/walmart-x.jpg",
    "image3": "img/grocery/iga.jpg",
    "image4": "img/grocery/maxi-x.jpg",
    "image5": "img/grocery/metro-x.jpg",
    "link1": "",
    "link2": "",
    "link3": "https://www.iga.net/fr/produit/fromagesuisse-en-tranches/00000_000000005574256283",
    "link4": "",
    "link5": ""
  },
  {
    "name": "Compliments Fromage En Tranches Suisse 210 g",
    "description": "Régulier 6,79 $ (3,23 $ / 100 G.)",
    "image": "image/compliments/compliments-fromage-en-tranches-suisse-210-g.jpg",
    "image1": "img/grocery/super-c-x.jpg",
    "image2": "img/grocery/walmart-x.jpg",
    "image3": "img/grocery/iga.jpg",
    "image4": "img/grocery/maxi-x.jpg",
    "image5": "img/grocery/metro-x.jpg",
    "link1": "",
    "link2": "",
    "link3": "https://www.iga.net/fr/produit/fromage-en-tranchessuisse/00000_000000005574254185",
    "link4": "",
    "link5": ""
  },
  {
    "name": "Saputo Fromage Suisse En Tranches 160 g",
    "description": "Régulier 7,79 $ (4,87 $ / 100 G.)",
    "image": "image/saputo/saputo-fromage-suisse-en-tranches-160-g.jpg",
    "image1": "img/grocery/super-c-x.jpg",
    "image2": "img/grocery/walmart-x.jpg",
    "image3": "img/grocery/iga.jpg",
    "image4": "img/grocery/maxi-x.jpg",
    "image5": "img/grocery/metro-x.jpg",
    "link1": "",
    "link2": "",
    "link3": "https://www.iga.net/fr/produit/fromagesuisse-en-tranches/00000_000000006354999387",
    "link4": "",
    "link5": ""
  },
  {
    "name": "Compliments Fromage Suisse Tranchée 150 g",
    "description": "Régulier 4,99 $ (3,33 $ / 100 G.)",
    "image": "image/compliments/compliments-fromage-suisse-tranchee-150-g.jpg",
    "image1": "img/grocery/super-c-x.jpg",
    "image2": "img/grocery/walmart-x.jpg",
    "image3": "img/grocery/iga.jpg",
    "image4": "img/grocery/maxi-x.jpg",
    "image5": "img/grocery/metro-x.jpg",
    "link1": "",
    "link2": "",
    "link3": "https://www.iga.net/fr/produit/fromagesuisse-tranchee/00000_000000005574255909",
    "link4": "",
    "link5": ""
  },
  {
    "name": "Le Superbe Fromage Suisse Tranché 110 g",
    "description": "Régulier 9,29 $ (8,44 $ / 100 G.)",
    "image": "image/le-superbe/le-superbe-fromage-suisse-tranche-110-g.jpg",
    "image1": "img/grocery/super-c-x.jpg",
    "image2": "img/grocery/walmart-x.jpg",
    "image3": "img/grocery/iga.jpg",
    "image4": "img/grocery/maxi-x.jpg",
    "image5": "img/grocery/metro-x.jpg",
    "link1": "",
    "link2": "",
    "link3": "https://www.iga.net/fr/produit/fromagesuisse-tranche/00000_000000006740074651",
    "link4": "",
    "link5": ""
  },
  {
    "name": "Compliments Fromage Suisse Tranché 150 g",
    "description": "Régulier 5,99 $ (3,99 $ / 100 G.)",
    "image": "image/compliments/compliments-fromage-suisse-tranche-150-g.jpg",
    "image1": "img/grocery/super-c-x.jpg",
    "image2": "img/grocery/walmart-x.jpg",
    "image3": "img/grocery/iga.jpg",
    "image4": "img/grocery/maxi-x.jpg",
    "image5": "img/grocery/metro-x.jpg",
    "link1": "",
    "link2": "",
    "link3": "https://www.iga.net/fr/produit/fromagesuisse-tranche/00000_000000005574255915",
    "link4": "",
    "link5": ""
  },
  {
    "name": "P'tit Québec Fromage Suisse En Tranches 220 g",
    "description": "Régulier 7,99 $ (3,63 $ / 100 G.)",
    "image": "image/ptit-quebec/ptit-quebec-fromage-suisse-en-tranches-220-g.jpg",
    "image1": "img/grocery/super-c-x.jpg",
    "image2": "img/grocery/walmart-x.jpg",
    "image3": "img/grocery/iga.jpg",
    "image4": "img/grocery/maxi-x.jpg",
    "image5": "img/grocery/metro-x.jpg",
    "link1": "",
    "link2": "",
    "link3": "https://www.iga.net/fr/produit/fromagesuisse-en-tranches/00000_000000006820000650",
    "link4": "",
    "link5": ""
  },
  {
    "name": "Compliments Fromage Suisse En Tranches 460 g",
    "description": "Régulier 10,99 $ (2,39 $ / 100 G.)",
    "image": "image/compliments/compliments-fromage-suisse-en-tranches-460-g.jpg",
    "image1": "img/grocery/super-c-x.jpg",
    "image2": "img/grocery/walmart-x.jpg",
    "image3": "img/grocery/iga.jpg",
    "image4": "img/grocery/maxi-x.jpg",
    "image5": "img/grocery/metro-x.jpg",
    "link1": "",
    "link2": "",
    "link3": "https://www.iga.net/fr/produit/fromage-suisseen-tranches/00000_000000005574257132",
    "link4": "",
    "link5": ""
  },
  {
    "name": "Compliments Fromage Suisse 270 g",
    "description": "Régulier 6,29 $ (2,33 $ / 100 G.)",
    "image": "image/compliments/compliments-fromage-suisse-270-g.jpg",
    "image1": "img/grocery/super-c-x.jpg",
    "image2": "img/grocery/walmart-x.jpg",
    "image3": "img/grocery/iga.jpg",
    "image4": "img/grocery/maxi-x.jpg",
    "image5": "img/grocery/metro-x.jpg",
    "link1": "",
    "link2": "",
    "link3": "https://www.iga.net/fr/produit/fromagesuisse/00000_000000005574238083",
    "link4": "",
    "link5": ""
  },
  {
    "name": "Compliments Fromage Suisse Tranché 440 g",
    "description": "Régulier 14,99 $ (3,41 $ / 100 G.)",
    "image": "image/compliments/compliments-fromage-suisse-tranche-440-g.jpg",
    "image1": "img/grocery/super-c-x.jpg",
    "image2": "img/grocery/walmart-x.jpg",
    "image3": "img/grocery/iga.jpg",
    "image4": "img/grocery/maxi-x.jpg",
    "image5": "img/grocery/metro-x.jpg",
    "link1": "",
    "link2": "",
    "link3": "https://www.iga.net/fr/produit/fromagesuisse-tranche/00000_000000005574255916",
    "link4": "",
    "link5": ""
  },
  {
    "name": "Fraises 454g",
    "description": "Prix régulier le plus cher: 6,97$ (1,53$/100g)",
    "image": "img/product/fraises-454g.jpg",
    "image1": "img/grocery/super-c.jpg",
    "image2": "img/grocery/walmart.jpg",
    "image3": "img/grocery/iga.jpg",
    "image4": "img/grocery/maxi.jpg",
    "image5": "img/grocery/metro.jpg",
    "link1": "https://www.superc.ca/allees/fruits-et-legumes/fruits/baies-et-cerises/fraises/p/665290001184",
    "link2": "https://www.walmart.ca/fr/ip/fraises/871283",
    "link3": "https://www.iga.net/fr/produit/fraises/00000_000000003338320027",
    "link4": "https://www.maxi.ca/fraises/p/20049778001_EA",
    "link5": "https://www.metro.ca/epicerie-en-ligne/allees/fruits-et-legumes/fruits/baies-et-cerises/fraises/p/665290001184"
  },
  {
    "name": "La Cage Ailes de poulet 550g",
    "description": "Prix régulier le plus cher: 14,99$ (2,73$/100g)",
    "image": "img/product/la-cage-ailes-de-poulet.jpg",
    "image1": "img/grocery/super-c.jpg",
    "image2": "img/grocery/walmart-x.jpg",
    "image3": "img/grocery/iga.jpg",
    "image4": "img/grocery/maxi.jpg",
    "image5": "img/grocery/metro.jpg",
    "link1": "https://www.superc.ca/allees/produits-surgeles/entrees-et-collations/hors-d-oeuvre/ailes-de-poulet-buffalo-surgelees/p/850715000020",
    "link2": "https://www.walmart.ca/fr/ip/ailes-de-poulet-buffalo-la-cage/6000201880168",
    "link3": "https://www.iga.net/fr/produit/ailes-de-pouletpoivre-et-sel-marin/00000_000000085071500003",
    "link4": "https://www.maxi.ca/ailes-de-poulet-pic-es-exceldor-buffalo/p/21286677_EA?icta=recommended-carousel",
    "link5": "https://www.metro.ca/epicerie-en-ligne/allees/produits-surgeles/entrees-et-collations/hors-d-oeuvre/ailes-de-poulet-buffalo-surgelees/p/850715000020"
  },
  {
    "name": "Framboises 170g",
    "description": "Prix régulier le plus cher: 6,99$ (4,11$/100g)",
    "image": "img/product/framboises-170g.jpg",
    "image1": "img/grocery/super-c.jpg",
    "image2": "img/grocery/walmart.jpg",
    "image3": "img/grocery/iga.jpg",
    "image4": "img/grocery/maxi.jpg",
    "image5": "img/grocery/metro.jpg",
    "link1": "https://www.superc.ca/allees/fruits-et-legumes/fruits/baies-et-cerises/framboises/p/715756100019",
    "link2": "https://www.walmart.ca/fr/ip/framboises/6000191272137",
    "link3": "https://www.iga.net/fr/produit/framboisesrouges/00000_000000003338321026",
    "link4": "https://www.maxi.ca/framboises-1-2-chopine/p/20128938001_EA",
    "link5": "https://www.metro.ca/epicerie-en-ligne/allees/fruits-et-legumes/fruits/baies-et-cerises/framboises/p/715756100019"
  },
  {
    "name": "Framboises biologiques 170g",
    "description": "Prix régulier le plus cher: 6,99$ (4,11$/100g)",
    "image": "img/product/framboises-biologiques-170g.jpg",
    "image1": "img/grocery/super-c.jpg",
    "image2": "img/grocery/walmart.jpg",
    "image3": "img/grocery/iga.jpg",
    "image4": "img/grocery/maxi.jpg",
    "image5": "img/grocery/metro.jpg",
    "link1": "https://www.superc.ca/allees/fruits-et-legumes/fruits/bananes-et-plantains/banane/p/4011",
    "link2": "https://www.walmart.ca/fr/ip/banane/875805",
    "link3": "https://www.iga.net/fr/produit/bananes/00000_000000000000004011",
    "link4": "https://www.maxi.ca/bananes-grappe/p/20175355001_KG",
    "link5": "https://www.metro.ca/epicerie-en-ligne/allees/fruits-et-legumes/fruits/bananes-et-plantains/banane/p/4011"
  },
  {
    "name": "Banane",
    "description": "Prix régulier le plus cher: 0,89$/lb (1,96$/kg)",
    "image": "img/product/banane.jpg",
    "image1": "img/grocery/super-c.jpg",
    "image2": "img/grocery/walmart.jpg",
    "image3": "img/grocery/iga.jpg",
    "image4": "img/grocery/maxi.jpg",
    "image5": "img/grocery/metro.jpg",
    "link1": "https://www.superc.ca/allees/fruits-et-legumes/fruits/bananes-et-plantains/banane/p/4011",
    "link2": "https://www.walmart.ca/fr/ip/banane/875805",
    "link3": "https://www.iga.net/fr/produit/bananes/00000_000000000000004011",
    "link4": "https://www.maxi.ca/bananes-grappe/p/20175355001_KG",
    "link5": "https://www.metro.ca/epicerie-en-ligne/allees/fruits-et-legumes/fruits/bananes-et-plantains/banane/p/4011"
  },
  {
    "name": "Bleuets 170g",
    "description": "Prix régulier le plus cher: 4,49$ (2,64$/100g)",
    "image": "img/product/bleuets-170.jpg",
    "image1": "img/grocery/super-c.jpg",
    "image2": "img/grocery/walmart.jpg",
    "image3": "img/grocery/iga-x.jpg",
    "image4": "img/grocery/maxi.jpg",
    "image5": "img/grocery/metro.jpg",
    "link1": "https://www.superc.ca/allees/fruits-et-legumes/fruits/baies-et-cerises/bleuets/p/033383222288blu",
    "link2": "https://www.walmart.ca/fr/ip/bleuets/6000197776949",
    "link3": "",
    "link4": "https://www.maxi.ca/bleuets-1-2-chopine/p/20152465001_EA",
    "link5": "https://www.metro.ca/epicerie-en-ligne/allees/fruits-et-legumes/fruits/baies-et-cerises/bleuets/p/033383222288"
  },
  {
    "name": "Bleuets biologiques 170g",
    "description": "Prix régulier le plus cher: 4,99$ (2,94$/100g)",
    "image": "img/product/bleuets-biologiques-170g.jpg",
    "image1": "img/grocery/super-c.jpg",
    "image2": "img/grocery/walmart-x.jpg",
    "image3": "img/grocery/iga.jpg",
    "image4": "img/grocery/maxi.jpg",
    "image5": "img/grocery/metro.jpg",
    "link1": "https://www.superc.ca/allees/fruits-et-legumes/fruits/baies-et-cerises/bleuets-biologiques/p/033383220314",
    "link2": "",
    "link3": "https://www.iga.net/fr/produit/bleuetsbiologiques/00000_000000071575630009",
    "link4": "https://www.maxi.ca/bleuets-biologiques/p/20625647001_EA",
    "link5": "https://www.metro.ca/epicerie-en-ligne/allees/fruits-et-legumes/fruits/baies-et-cerises/bleuets-biologiques/p/033383220314"
  },
  {
    "name": "Natrel lait 2% 2L",
    "description": "Prix régulier le plus cher: 5,38$ (0,27$/100ml)",
    "image": "img/product/natrel-lait-2l.jpg",
    "image1": "img/grocery/super-c.jpg",
    "image2": "img/grocery/walmart.jpg",
    "image3": "img/grocery/iga.jpg",
    "image4": "img/grocery/maxi.jpg",
    "image5": "img/grocery/metro.jpg",
    "link1": "https://www.superc.ca/allees/produits-laitiers-et-oeufs/laits-cremes-et-beurres/laits-entiers-et-2/lait-2/p/064420010124",
    "link2": "https://www.walmart.ca/fr/ip/Lait-finement-filtr-2-Natrel/6000100070995",
    "link3": "https://www.iga.net/fr/produit/lait2--m-g-/00000_000000006442001012",
    "link4": "https://www.maxi.ca/lait-finement-filtr-2-2l/p/20301315004_EA",
    "link5": "https://www.metro.ca/epicerie-en-ligne/allees/produits-laitiers-et-oeufs/laits-cremes-et-beurres/laits-entiers-et-2/lait-2/p/064420010124"
  },
  {
    "name": "Sealtest Crème sure 14% 250ml",
    "description": "Prix régulier le plus cher: 3,59$ (1,44$/100ml)",
    "image": "img/product/creme-sure-sealtest-250ml.jpg",
    "image1": "img/grocery/super-c.jpg",
    "image2": "img/grocery/walmart.jpg",
    "image3": "img/grocery/iga.jpg",
    "image4": "img/grocery/maxi.jpg",
    "image5": "img/grocery/metro.jpg",
    "link1": "https://www.superc.ca/allees/produits-laitiers-et-oeufs/cremes-sures-et-trempettes/cremes-sures/creme-sure-14/p/064420006264",
    "link2": "https://www.walmart.ca/fr/ip/crme-sure-14-sealtest-par-natrel/6000103307911",
    "link3": "https://www.iga.net/fr/produit/creme-sure14--m-g-/00000_000000006442000626",
    "link4": "",
    "link5": "https://www.metro.ca/epicerie-en-ligne/allees/produits-laitiers-et-oeufs/cremes-sures-et-trempettes/cremes-sures/creme-sure-14/p/064420006264"
  },
  {
    "name": "12 Oeufs Gros marque maison",
    "description": "Prix régulier le plus cher: 3,89$ (0,32$/un)",
    "image": "img/product/oeufs-gros-marque-maison.jpg",
    "image1": "img/grocery/super-c.jpg",
    "image2": "img/grocery/walmart.jpg",
    "image3": "img/grocery/iga.jpg",
    "image4": "img/grocery/maxi.jpg",
    "image5": "img/grocery/metro.jpg",
    "link1": "https://www.superc.ca/allees/produits-laitiers-et-oeufs/oeufs/oeufs-entiers/gros-oeufs-blancs/p/059749896054",
    "link2": "https://www.walmart.ca/fr/ip/Oeufs-Great-Value-calibre-gros/6000023483943",
    "link3": "https://www.iga.net/fr/produit/oeufsblancs-gros/00000_000000005574256195",
    "link4": "https://www.maxi.ca/oeuf-gros-categ-a-blanc-unite/p/20812144001_EA",
    "link5": "https://www.metro.ca/epicerie-en-ligne/allees/produits-laitiers-et-oeufs/oeufs/oeufs-entiers/gros-oeufs-blancs/p/059749896054"
  },
  {
    "name": "Becel Margarine Originale 427g",
    "description": "Prix régulier le plus cher: 5,49$ (1,21$/100g)",
    "image": "img/product/becel-margarine-originale-427g.jpg",
    "image1": "img/grocery/super-c.jpg",
    "image2": "img/grocery/walmart.jpg",
    "image3": "img/grocery/iga.jpg",
    "image4": "img/grocery/maxi.jpg",
    "image5": "img/grocery/metro.jpg",
    "link1": "https://www.superc.ca/allees/produits-laitiers-et-oeufs/laits-cremes-et-beurres/beurres-et-margarines/margarine-originale/p/059950190101",
    "link2": "https://www.walmart.ca/fr/ip/margarine-becel-originale/6000159562732",
    "link3": "https://www.iga.net/fr/produit/margarinemolle/00000_000000005995019010",
    "link4": "https://www.maxi.ca/margarine-originale/p/20322707001_EA",
    "link5": "https://www.metro.ca/epicerie-en-ligne/allees/produits-laitiers-et-oeufs/laits-cremes-et-beurres/beurres-et-margarines/margarine-originale/p/059950190101"
  },
  {
    "name": "Becel Margarine Originale 850g",
    "description": "Prix régulier le plus cher: 9,79$ (1,15$/100g)",
    "image": "img/product/becel-margarine-originale-850g.jpg",
    "image1": "img/grocery/super-c.jpg",
    "image2": "img/grocery/walmart.jpg",
    "image3": "img/grocery/iga.jpg",
    "image4": "img/grocery/maxi.jpg",
    "image5": "img/grocery/metro.jpg",
    "link1": "https://www.superc.ca/allees/produits-laitiers-et-oeufs/laits-cremes-et-beurres/beurres-et-margarines/margarine-originale/p/059950191009",
    "link2": "https://www.walmart.ca/fr/ip/margarine-becel-originale/6000016935598",
    "link3": "https://www.iga.net/fr/produit/margarinemolle/00000_000000005995019100",
    "link4": "https://www.maxi.ca/margarine-originale/p/20297818002_EA",
    "link5": "https://www.metro.ca/epicerie-en-ligne/allees/produits-laitiers-et-oeufs/laits-cremes-et-beurres/beurres-et-margarines/margarine-originale/p/059950191009"
  },
  {
    "name": "POM Pain blanc Ultra-moelleux",
    "description": "Prix régulier le plus cher: 4,49$ (0,52$/100g)",
    "image": "img/product/pom-pain-blanc-tranche-ultra-moelleux.jpg",
    "image1": "img/grocery/super-c.jpg",
    "image2": "img/grocery/walmart.jpg",
    "image3": "img/grocery/iga.jpg",
    "image4": "img/grocery/maxi.jpg",
    "image5": "img/grocery/metro.jpg",
    "link1": "https://www.superc.ca/allees/pains-et-patisseries/pains-emballes/blancs/pain-blanc-tranche-ultra-moelleux/p/061077771200",
    "link2": "https://www.walmart.ca/en/ip/pom-ultra-soft-superclub-sandwich-white-bread/6000197208271",
    "link3": "https://www.iga.net/fr/produit/painsuperclub-blanc-ultra-moelleux/00000_000000006107777120",
    "link4": "https://www.maxi.ca/pain-blanc/p/20102967_EA",
    "link5": "https://www.metro.ca/epicerie-en-ligne/allees/pains-et-patisseries/pains-emballes/blancs/pain-blanc-tranche-ultra-moelleux/p/061077771200"
  },
  {
    "name": "Tostitos Scoops 320g",
    "description": "Prix régulier le plus cher: 6,79$ (3,40$/100g)",
    "image": "img/product/TOSTITOS-Scoops-format-familiale-320g.jpg",
    "image1": "img/grocery/super-c.jpg",
    "image2": "img/grocery/walmart.jpg",
    "image3": "img/grocery/iga.jpg",
    "image4": "img/grocery/maxi.jpg",
    "image5": "img/grocery/metro.jpg",
    "link1": "https://www.superc.ca/allees/collations/collations-salees/croustilles-de-mais-et-tortillas/croustilles-de-tortillas-format-familial/p/060410054000",
    "link2": "https://www.walmart.ca/fr/ip/Chips-tortilla-Tostitos-Scoops/6000202808421",
    "link3": "https://www.iga.net/fr/produit/croustilles-de-tortillasen-forme-de-petits-bols/00000_000000006041005400",
    "link4": "https://www.maxi.ca/chips-tortilla-scoops-320g/p/21370277_EA",
    "link5": "https://www.metro.ca/epicerie-en-ligne/allees/collations/collations-salees/croustilles-de-mais-et-tortillas/croustilles-de-tortillas-format-familial/p/060410054000"
  },
  {
    "name": "Tostitos Scoops 215g",
    "description": "Prix régulier le plus cher: 5,29$ (2,46$/100g)",
    "image": "img/product/TOSTITOS-Scoops-215g.jpg",
    "image1": "img/grocery/super-c.jpg",
    "image2": "img/grocery/walmart.jpg",
    "image3": "img/grocery/iga.jpg",
    "image4": "img/grocery/maxi.jpg",
    "image5": "img/grocery/metro.jpg",
    "link1": "https://www.superc.ca/allees/collations/collations-salees/croustilles/croustilles-de-tortillas/p/060410901175",
    "link2": "https://www.walmart.ca/fr/ip/Chips-tortilla-Tostitos-Scoops/6000197240190",
    "link3": "https://www.iga.net/fr/produit/croustilles-de-tortillaen-scoops/00000_000000006041090117",
    "link4": "https://www.maxi.ca/chips-tortilla-scoops-215g/p/21050572_EA",
    "link5": "https://www.metro.ca/epicerie-en-ligne/allees/collations/collations-salees/croustilles/croustilles-de-tortillas/p/060410901175"
  },
  {
    "name": "Tostitos Salsa moyenne 645ml",
    "description": "Prix régulier le plus cher: 5,99$ (0,93$/100ml)",
    "image": "img/product/tostitos-salsa-moyenne-645ml.jpg",
    "image1": "img/grocery/super-c.jpg",
    "image2": "img/grocery/walmart.jpg",
    "image3": "img/grocery/iga-x.jpg",
    "image4": "img/grocery/maxi-x.jpg",
    "image5": "img/grocery/metro.jpg",
    "link1": "https://www.superc.ca/allees/garde-manger/condiments-et-garnitures/salsa-et-guacamole/salsa-moyenne/p/060410049549",
    "link2": "https://www.walmart.ca/fr/ip/Salsa-Tostitos-Moyenne/6000153706689",
    "link3": "",
    "link4": "",
    "link5": "https://www.metro.ca/epicerie-en-ligne/allees/garde-manger/condiments-et-garnitures/salsa-et-guacamole/salsa-moyenne/p/060410049549"
  },
  {
    "name": "Tostitos Salsa moyenne 418ml",
    "description": "Prix régulier le plus cher: 5,49$ (1,31$/100ml)",
    "image": "img/product/tostitos-salsa-moyenne-418ml.jpg",
    "image1": "img/grocery/super-c.jpg",
    "image2": "img/grocery/walmart.jpg",
    "image3": "img/grocery/iga.jpg",
    "image4": "img/grocery/maxi.jpg",
    "image5": "img/grocery/metro.jpg",
    "link1": "https://www.superc.ca/allees/garde-manger/gastronomie-internationale/mexicaine/salsa-moyenne/p/060410010983",
    "link2": "https://www.walmart.ca/fr/ip/Salsa-Tostitos-Moyenne/6000159562718",
    "link3": "https://www.iga.net/fr/produit/salsamoyenne/00000_000000006041001098",
    "link4": "https://www.maxi.ca/salsa-moyenne-418ml/p/20673717_EA",
    "link5": "https://www.metro.ca/epicerie-en-ligne/allees/garde-manger/condiments-et-garnitures/salsa-et-guacamole/salsa-moyenne/p/060410010983"
  },
  {
    "name": "Pepsi 12 canettes 355ml",
    "description": "Prix régulier le plus cher: 7,99$ (0,19$/100ml)",
    "image": "img/product/pepsi-12-canettes-355ml.jpg",
    "image1": "img/grocery/super-c.jpg",
    "image2": "img/grocery/walmart.jpg",
    "image3": "img/grocery/iga.jpg",
    "image4": "img/grocery/maxi.jpg",
    "image5": "img/grocery/metro.jpg",
    "link1": "https://www.superc.ca/allees/boissons/boissons-gazeuses/cola-diete/boisson-gazeuse/p/069000004289",
    "link2": "https://www.walmart.ca/fr/ip/Boisson-gazeuse-Pepsi-Cola-355-mL-12-canettes/6000016954767",
    "link3": "https://www.iga.net/fr/produit/boisson-gazeusezero-calorie/00000_000000006900001371",
    "link4": "https://www.maxi.ca/boissons-gazeuses/p/20322361002_C12",
    "link5": "https://www.metro.ca/epicerie-en-ligne/allees/boissons/boissons-gazeuses/cola-diete/boisson-gazeuse/p/069000004289"
  },
  {
    "name": "Pepsi 6 bouteilles 710ml",
    "description": "Prix régulier le plus cher: 7,49$ (1,05$/100ml)",
    "image": "img/product/pepsi6bouteilles710ml.jpg",
    "image1": "img/grocery/super-c.jpg",
    "image2": "img/grocery/walmart.jpg",
    "image3": "img/grocery/iga.jpg",
    "image4": "img/grocery/maxi.jpg",
    "image5": "img/grocery/metro.jpg",
    "link1": "https://www.superc.ca/allees/boissons/boissons-gazeuses/cola/boisson-gazeuse/p/069000009840",
    "link2": "https://www.walmart.ca/fr/ip/Boisson-gazeuse-Pepsi-710mL-6-bouteilles/6000188741862",
    "link3": "https://www.iga.net/fr/produit/boisson-gazeuseen-emballage-multiple/00000_000000006900000984",
    "link4": "https://www.maxi.ca/pepsi-boissons-gazeuses/p/20310546002_C06",
    "link5": "https://www.metro.ca/epicerie-en-ligne/allees/boissons/boissons-gazeuses/cola/boisson-gazeuse/p/069000009840"
  },
  {
    "name": "Pepsi 1 bouteille 2L",
    "description": "Prix régulier le plus cher: 3,49$ (0,17$/100ml)",
    "image": "img/product/pepsi1bouteille2l.jpg",
    "image1": "img/grocery/super-c.jpg",
    "image2": "img/grocery/walmart.jpg",
    "image3": "img/grocery/iga.jpg",
    "image4": "img/grocery/maxi.jpg",
    "image5": "img/grocery/metro.jpg",
    "link1": "https://www.superc.ca/allees/boissons/boissons-gazeuses/cola/boisson-gazeuse/p/069000002612",
    "link2": "https://www.walmart.ca/fr/ip/Boisson-gazeuse-Pepsi-2-L-1-bouteille/6000016941356",
    "link3": "https://www.iga.net/fr/produit/boisson-gazeuse/00000_000000006900000261",
    "link4": "https://www.maxi.ca/pepsi-boissons-gazeuses/p/20296926002_EA",
    "link5": "https://www.metro.ca/epicerie-en-ligne/allees/boissons/boissons-gazeuses/cola/boisson-gazeuse/p/069000002612"
  },
  {
    "name": "Concombre moyen sans pépins",
    "description": "Prix régulier le plus cher: 3,49$ (3,49$/unité)",
    "image": "img/product/concombremoyensanspepins.jpg",
    "image1": "img/grocery/super-c.jpg",
    "image2": "img/grocery/walmart.jpg",
    "image3": "img/grocery/iga.jpg",
    "image4": "img/grocery/maxi.jpg",
    "image5": "img/grocery/metro.jpg",
    "link1": "https://www.superc.ca/allees/fruits-et-legumes/legumes/tomates-et-concombres/concombre-moyen-sans-pepins/p/4593",
    "link2": "https://www.walmart.ca/fr/ip/concombre-sans-ppins/6000188920591",
    "link3": "https://www.iga.net/fr/produit/concombreanglais-sans-pepins/00000_000000000000004593",
    "link4": "https://www.maxi.ca/concombres-anglais/p/20070132001_EA",
    "link5": "https://www.metro.ca/epicerie-en-ligne/allees/fruits-et-legumes/legumes/tomates-et-concombres/concombre-moyen-sans-pepins/p/4593"
  },
  {
    "name": "Kellogg's 16 Gauffres 560g",
    "description": "Prix régulier le plus cher: 7,49$ (1,34$/100g",
    "image": "img/product/kelloggs16gauffres560g.jpg",
    "image1": "img/grocery/super-c.jpg",
    "image2": "img/grocery/walmart.jpg",
    "image3": "img/grocery/iga.jpg",
    "image4": "img/grocery/maxi.jpg",
    "image5": "img/grocery/metro.jpg",
    "link1": "https://www.superc.ca/allees/produits-surgeles/pour-le-dejeuner/crepes-gaufres-et-pain-dore/gaufres-aux-brisures-chocolatees/p/064100062870",
    "link2": "https://www.walmart.ca/fr/ip/Gaufres-EGGO-Brisures-chocolat-es-560g-16-gaufres/6000001846184",
    "link3": "https://www.iga.net/fr/produit/gaufresaux-brisures-de-chocolat/00000_000000006410006287",
    "link4": "https://www.maxi.ca/gaufres-eggo-brisures-chocolat-es-16-gaufres/p/20099730002_EA",
    "link5": "https://www.metro.ca/epicerie-en-ligne/allees/produits-surgeles/pour-le-dejeuner/crepes-gaufres-et-pain-dore/gaufres-originales/p/064100238220"
  },
  {
    "name": "Kellogg's 8 Gauffres 280g",
    "description": "Prix régulier le plus cher: 4,49$ (1,60$/100g)",
    "image": "img/product/kelloggs8gauffres280g.jpg",
    "image1": "img/grocery/super-c.jpg",
    "image2": "img/grocery/walmart.jpg",
    "image3": "img/grocery/iga.jpg",
    "image4": "img/grocery/maxi.jpg",
    "image5": "img/grocery/metro.jpg",
    "link1": "https://www.superc.ca/allees/produits-surgeles/pour-le-dejeuner/crepes-gaufres-et-pain-dore/gaufres-originales/p/064100239623",
    "link2": "https://www.walmart.ca/fr/ip/Gaufres-EGGO-Brisures-chocolat-es-280g-8-gaufres/6000001798104",
    "link3": "https://www.iga.net/fr/produit/gaufresaux-brisures-de-chocolat/00000_000000006410003314",
    "link4": "https://www.maxi.ca/gaufres-eggo-chocolat-es/p/20323436002_EA",
    "link5": "https://www.metro.ca/epicerie-en-ligne/allees/produits-surgeles/pour-le-dejeuner/crepes-gaufres-et-pain-dore/gaufres-originales/p/064100239623"
  },
  {
    "name": "Fruité Boisson 2L",
    "description": "Prix régulier le plus cher: 3,69$ (0,18$/100ml)",
    "image": "img/product/fruiteboisson2l.jpg",
    "image1": "img/grocery/super-c.jpg",
    "image2": "img/grocery/walmart.jpg",
    "image3": "img/grocery/iga.jpg",
    "image4": "img/grocery/maxi.jpg",
    "image5": "img/grocery/metro.jpg",
    "link1": "https://www.superc.ca/allees/boissons/jus-et-boissons/jus-et-boissons-non-refrigeres/boisson-a-saveur-de-punch-aux-fruits/p/067311350026",
    "link2": "https://www.walmart.ca/fr/ip/boisson-punch-aux-fruits-fruite/6000195183811",
    "link3": "https://www.iga.net/fr/produit/punchaux-fruits/00000_000000006731135002",
    "link4": "https://www.maxi.ca/boisson-punch-aux-fruits/p/20109062_EA",
    "link5": "CHhttps://www.metro.ca/epicerie-en-ligne/allees/boissons/jus-et-boissons/jus-et-boissons-non-refrigeres/boisson-a-saveur-de-punch-aux-fruits/p/067311350026ANGEMOI"
  },
  {
    "name": "Québon Lait au chocolat 1% 2L",
    "description": "Prix régulier le plus cher: 6,79$ (0,34$/100ml)",
    "image": "img/product/quebonlaitauchocolat2l.jpg",
    "image1": "img/grocery/super-c.jpg",
    "image2": "img/grocery/walmart-x.jpg",
    "image3": "img/grocery/iga.jpg",
    "image4": "img/grocery/maxi.jpg",
    "image5": "img/grocery/metro.jpg",
    "link1": "https://www.superc.ca/allees/produits-laitiers-et-oeufs/laits-cremes-et-beurres/laits-aromatises/lait-au-chocolat-1/p/055872105186",
    "link2": "",
    "link3": "https://www.iga.net/fr/produit/lait-au-chocolat1--m-g--contenant-en-plastique/00000_000000005587210518",
    "link4": "https://www.maxi.ca/lait-au-chocolat-1/p/20038875_EA",
    "link5": "https://www.metro.ca/epicerie-en-ligne/allees/produits-laitiers-et-oeufs/laits-cremes-et-beurres/laits-aromatises/lait-au-chocolat-1/p/055872105186"
  },
  {
    "name": "CHANGEMOI",
    "description": "Prix régulier le plus cher: CHANGEMOI$ (CHANGEMOI$/100g)",
    "image": "img/product/CHANGEMOI.jpg",
    "image1": "img/grocery/super-c.jpg",
    "image2": "img/grocery/walmart.jpg",
    "image3": "img/grocery/iga.jpg",
    "image4": "img/grocery/maxi.jpg",
    "image5": "img/grocery/metro.jpg",
    "link1": "CHANGEMOI",
    "link2": "CHANGEMOI",
    "link3": "CHANGEMOI",
    "link4": "CHANGEMOI",
    "link5": "CHANGEMOI2"
  }
]